<record><leader>00000cas a22000007a 4500</leader><controlfield tag="001">26865211</controlfield><controlfield tag="008">921027d19171919ncuwn ne      0    0eng d</controlfield><datafield ind1=" " ind2=" " tag="010"><subfield code="a">sn 92073204 </subfield></datafield><datafield ind1=" " ind2=" " tag="040"><subfield code="a">NVJ</subfield><subfield code="b">eng</subfield><subfield code="c">NVJ</subfield><subfield code="d">OCLCQ</subfield></datafield><datafield ind1=" " ind2=" " tag="042"><subfield code="a">msc</subfield></datafield><datafield ind1="0" ind2=" " tag="130"><subfield code="a">Wilkes journal (North Wilkesboro, N.C. : 1917)</subfield></datafield><datafield ind1="1" ind2="4" tag="245"><subfield code="a">The Wilkes journal.</subfield></datafield><datafield ind1=" " ind2=" " tag="260"><subfield code="a">North Wilkesboro, N.C. :</subfield><subfield code="b">Carter and Vause</subfield></datafield><datafield ind1=" " ind2=" " tag="300"><subfield code="a">v.</subfield></datafield><datafield ind1=" " ind2=" " tag="310"><subfield code="a">Weekly (except Christmas week)</subfield></datafield><datafield ind1="0" ind2=" " tag="362"><subfield code="a">Vol. 1, no. 1 (June 15, 1917)-v. 3, no. 28 (Dec. 19, 1919).</subfield></datafield><datafield ind1=" " ind2=" " tag="752"><subfield code="a">United States</subfield><subfield code="b">North Carolina</subfield><subfield code="c">Wilkes</subfield><subfield code="d">North Wilkesboro.</subfield></datafield><datafield ind1="0" ind2="4" tag="785"><subfield code="t">Carter's weekly</subfield><subfield code="w">(DLC)sn 92072930</subfield></datafield></record>